@misc{feuer2023scaling,
  title         = {Scaling TabPFN: Sketching and Feature Selection for Tabular Prior-Data Fitted Networks},
  author        = {Benjamin Feuer and Chinmay Hegde and Niv Cohen},
  howpublished  = {\url{https://arxiv.org/abs/2311.10609}},
  year          = {2023},
  eprint        = {2311.10609},
  archiveprefix = {arXiv},
  primaryclass  = {cs.LG}
}

@misc{hollmann2023tabpfn,
  title         = {TabPFN: A Transformer That Solves Small Tabular Classification Problems in a Second},
  author        = {Noah Hollmann and Samuel Müller and Katharina Eggensperger and Frank Hutter},
  howpublished  = {\url{https://arxiv.org/abs/2207.01848}},
  year          = {2023},
  eprint        = {2207.01848},
  archiveprefix = {arXiv},
  primaryclass  = {cs.LG}
}


@misc{müller2023mothernet,
  title         = {MotherNet: A Foundational Hypernetwork for Tabular Classification},
  author        = {Andreas Müller and Carlo Curino and Raghu Ramakrishnan},
  howpublished  = {\url{https://arxiv.org/abs/2312.08598}},
  year          = {2023},
  eprint        = {2312.08598},
  archiveprefix = {arXiv},
  primaryclass  = {cs.LG}
}


@article{oml-benchmarking-suites,
  title        = {OpenML Benchmarking Suites},
  author       = {Bernd Bischl and Giuseppe Casalicchio and Matthias Feurer and Frank Hutter and Michel Lang and Rafael G. Mantovani and Jan N. van Rijn and Joaquin Vanschoren},
  year         = {2019},
  journal      = {arXiv:1708.03731v2 [stat.ML]},
  url          = {https://www.openml.org/search?type=study&study_type=task&id=99&sort=runs_included}
}


@misc{zabërgja2024tabular,
  title         = {Tabular Data: Is Attention All You Need?},
  author        = {Guri Zabërgja and Arlind Kadra and Josif Grabocka},
  howpublished  = {\url{https://arxiv.org/abs/2402.03970}},
  year          = {2024},
  eprint        = {2402.03970},
  archiveprefix = {arXiv},
  primaryclass  = {cs.LG}
}
