@misc{hollmann2023tabpfn,
  title         = {TabPFN: A Transformer That Solves Small Tabular Classification Problems in a Second},
  author        = {Noah Hollmann and Samuel MÃ¼ller and Katharina Eggensperger and Frank Hutter},
  howpublished  = {\url{https://arxiv.org/abs/2207.01848}},
  year          = {2023},
  eprint        = {2207.01848},
  archiveprefix = {arXiv},
  primaryclass  = {cs.LG}
}
